<record><leader>00000cas a22000001  4500</leader><controlfield tag="001">32459386</controlfield><controlfield tag="007">hd afb016baca</controlfield><controlfield tag="007">hd bfb016baaa</controlfield><controlfield tag="008">950512d19751980dcubr nea     0   a0eng c</controlfield><datafield ind1=" " ind2=" " tag="010"><subfield code="a">sn 94088270 </subfield></datafield><datafield ind1=" " ind2=" " tag="040"><subfield code="a">NN</subfield><subfield code="b">eng</subfield><subfield code="c">RQM</subfield><subfield code="d">OCL</subfield><subfield code="d">OCLCQ</subfield><subfield code="d">OCLCF</subfield><subfield code="d">OCLCO</subfield></datafield><datafield ind1=" " ind2=" " tag="012"><subfield code="i">9505</subfield></datafield><datafield ind1="0" ind2=" " tag="022"><subfield code="a">0197-5625</subfield><subfield code="l">0197-5625</subfield><subfield code="2">1</subfield></datafield><datafield ind1=" " ind2=" " tag="037"><subfield code="b">Common Cause, 2030 M St., NW, Washington, DC, 20036</subfield></datafield><datafield ind1=" " ind2=" " tag="042"><subfield code="a">pcc</subfield></datafield><datafield ind1=" " ind2=" " tag="043"><subfield code="a">n-us---</subfield></datafield><datafield ind1=" " ind2=" " tag="090"><subfield code="a">JK1</subfield><subfield code="b">.F76</subfield></datafield><datafield ind1=" " ind2="0" tag="222"><subfield code="a">Frontline</subfield><subfield code="b">(Washington)</subfield></datafield><datafield ind1="0" ind2="0" tag="245"><subfield code="a">Frontline</subfield><subfield code="h">[microform].</subfield></datafield><datafield ind1="3" ind2=" " tag="246"><subfield code="a">Front line</subfield></datafield><datafield ind1=" " ind2=" " tag="260"><subfield code="a">Washington, D.C.,</subfield><subfield code="b">Common Cause.</subfield></datafield><datafield ind1=" " ind2=" " tag="300"><subfield code="a">v.</subfield><subfield code="c">37 cm.</subfield></datafield><datafield ind1=" " ind2=" " tag="310"><subfield code="a">Bimonthly</subfield></datafield><datafield ind1="0" ind2=" " tag="362"><subfield code="a">v. 1-v. 6, no. 3; 1975-1980.</subfield></datafield><datafield ind1=" " ind2=" " tag="580"><subfield code="a">Merged with: In common, to form: Common cause (Washington, D.C.).</subfield></datafield><datafield ind1=" " ind2=" " tag="533"><subfield code="a">Microfilm.</subfield><subfield code="m">v.1-6 (1975-1980)</subfield><subfield code="b">New York :</subfield><subfield code="c">New York Public Library,</subfield><subfield code="d">1981-1982.</subfield><subfield code="e">1 microfilm reel ; 35 mm.</subfield></datafield><datafield ind1=" " ind2="0" tag="650"><subfield code="a">Political participation</subfield><subfield code="z">United States</subfield><subfield code="v">Newspapers.</subfield></datafield><datafield ind1=" " ind2="0" tag="650"><subfield code="a">Lobbying</subfield><subfield code="x">Law and legislation</subfield><subfield code="z">United States</subfield><subfield code="v">Newspapers.</subfield></datafield><datafield ind1=" " ind2="7" tag="655"><subfield code="a">Newspapers.</subfield><subfield code="2">fast</subfield><subfield code="0">(OCoLC)fst01423814</subfield></datafield><datafield ind1=" " ind2="7" tag="650"><subfield code="a">Lobbying</subfield><subfield code="x">Law and legislation.</subfield><subfield code="2">fast</subfield><subfield code="0">(OCoLC)fst01001131</subfield></datafield><datafield ind1=" " ind2="7" tag="650"><subfield code="a">Political participation.</subfield><subfield code="2">fast</subfield><subfield code="0">(OCoLC)fst01069386</subfield></datafield><datafield ind1=" " ind2="7" tag="651"><subfield code="a">United States.</subfield><subfield code="2">fast</subfield><subfield code="0">(OCoLC)fst01204155</subfield></datafield><datafield ind1="2" ind2=" " tag="710"><subfield code="a">Common Cause (U.S.)</subfield></datafield><datafield ind1="1" ind2=" " tag="776"><subfield code="c">Original</subfield><subfield code="w">(DLC)sn 80011437</subfield></datafield><datafield ind1="1" ind2="7" tag="785"><subfield code="t">In common</subfield></datafield><datafield ind1="1" ind2="7" tag="785"><subfield code="t">Common cause (Washington, D.C.)</subfield></datafield><datafield ind1=" " ind2=" " tag="850"><subfield code="a">NN</subfield><subfield code="a">NN (master)</subfield></datafield></record>